<?xml version="1.0" encoding="UTF-8"?><collection xmlns="http://www.loc.gov/MARC21/slim"><record><leader>00391nam--2200145-i-4500</leader><controlfield tag="001">000010696</controlfield><controlfield tag="002">20161230</controlfield><controlfield tag="005">20161230201028</controlfield><controlfield tag="008">060222s1000------------r-----000-0-eng-d</controlfield><datafield ind1=" " ind2=" " tag="080"><subfield code="a">681.3.06</subfield></datafield><datafield ind1=" " ind2=" " tag="100"><subfield code="a">Berztiss,A.T</subfield></datafield><datafield ind1=" " ind2=" " tag="245"><subfield code="a">Data structures.theory and practice</subfield></datafield><datafield ind1=" " ind2=" " tag="260"><subfield code="a">New York,Academic Press,1971.Xiii + 442p</subfield></datafield><datafield ind1=" " ind2=" " tag="490"><subfield code="a">Computer Science And Applied Mathematics</subfield></datafield><datafield ind1=" " ind2=" " tag="852"><subfield code="a">39058</subfield></datafield></record></collection>